

@phdthesis{vogt00lexicon,
	School = {Vrije Universiteit Brussel},
	author = {Vogt, Paul},
	title = {Lexicon Grounding on Mobile Robots},
	year = {2000}
}

@phdthesis{vantrijp08analogy,
	School = {Universiteit Antwerpen},
	author = {{van Trijp}, Remi},
	title = {Analogy and Multi-Level Selection in the Formation of a Case Grammar. {A} Case Study in Fluid Construction Grammar},
	year = {2008}
}

@phdthesis{vanlooveren05design,
	School = {Vrije Universiteit Brussel},
	address = {Brussels},
	author = {Van Looveren, Joris},
	title = {Design and Performance of Pre-Grammatical Language Games},
	year = {2005}
}

@phdthesis{smith03transmission,
	School = {University of Edinburgh},
	address = {Edinburgh},
	author = {Smith, Kenny},
	title = {The Transmission of Language: {M}odels of Biological and Cultural Evolution},
	year = {2003}
}

@phdthesis{pauw13,
	School = {University of Amsterdam},
	address = {Amsterdam},
	author = {Pauw, Simon},
	title = {Size Matters: {G}rounding Quantifiers in Spatial Perception},
	year = {2013}
}

@phdthesis{moy06case,
	School = {University of York},
	address = {York},
	author = {Moy, Joanna},
	title = {Word Order and Case in Models of Simulated Language Evolution},
	year = {2006}
}

@phdthesis{devylder07evolution,
	School = {Vrije Universiteit Brussel},
	address = {Brussels},
	author = {De Vylder, Bart},
	title = {The Evolution of Conventions in Multi-Agent Systems},
	year = {2007}
}

@phdthesis{depauw02grael,
	School = {Universiteit van Antwerpen},
	address = {Antwerp},
	author = {De Pauw, Guy},
	title = {An Agent-Based Evolutionary Computing Approach to Memory-Based Syntactic Parsing of Natural Language},
	year = {2002}
}

@phdthesis{deboer99self,
	School = {Vrije Universiteit Brussel},
	address = {Brussels},
	author = {de Boer, Bart},
	title = {Self-organisation in Vowel Systems},
	year = {1999}
}

@phdthesis{debeule07compositionality,
	School = {Vrije Universiteit Brussel},
	author = {De Beule, Joachim},
	title = {Compositionality, Hierarchy and Recursion in Language. {A} Case Study in {F}luid {C}onstruction {G}rammar},
	year = {2007}
}

@phdthesis{belpaeme02factors,
	Addres = {Brussels},
	School = {Vrije Universiteit Brussel},
	author = {Belpaeme, Tony},
	title = {Factors Influencing the Origins of Colour Categories},
	year = {2002}
}

@inproceedings{wellens08coping,
	address = {Singapore},
	author = {Wellens, Pieter},
	booktitle = {The Evolution of Language. {P}roceedings of the 7th International Conference (EVOLANG 7)},
	editor = {Smith, Andrew D. M. and Smith, Kenny and Ferrer i Cancho, Ramon},
	pages = {370--377},
	publisher = {World Scientific Press},
	title = {Coping with Combinatorial Uncertainty in Word Learning: {A} Flexible {Usage}-Based Model},
	year = {2008}
}

@inproceedings{vogt07group,
	address = {Berlin},
	author = {Vogt, Paul},
	booktitle = {Advances in Artificial Life (ECAL 2007)},
	editor = {Almeida e Costa, Fernando and Rocha, Luis M. and Costa, Ernesto and Harvey, Inman},
	pages = {403--414},
	publisher = {Springer},
	series = {LNAI 4648},
	title = {Group Size Effects on the Emergence of Compositional Structures in Language},
	year = {2007}
}

@inproceedings{vantrijp14fitness,
	address = {Singapore},
	author = {{van Trijp}, Remi},
	booktitle = {The Evolution of Language (Evolang-X)},
	publisher = {World Scientific},
	title = {Fitness Landscapes in Cultural Language Evolution: {A} Case Study on {{German}} Definite Articles},
	year = {2014}
}

@inproceedings{vantrijp08emergence,
	address = {Singapore},
	author = {{van Trijp}, Remi},
	booktitle = {The Evolution of Language. {P}roceedings of the 7th International Conference (EVOLANG 7)},
	editor = {Smith, Andrew D. M. and Smith, Kenny and Ferrer i Cancho, Ramon},
	pages = {346--353},
	publisher = {World Scientific Press},
	title = {The Emergence of Semantic Roles in {F}luid {C}onstruction {G}rammar},
	year = {2008}
}

@inproceedings{vandenbroeck08constraint,
	address = {Singapore},
	author = {Van {den} Broeck, Wouter},
	booktitle = {The Evolution of Language. {P}roceedings of the 7th International Conference (EVOLANG 7)},
	editor = {Smith, Andrew D. M. and Smith, Kenny and Ferrer i Cancho, Ramon},
	pages = {338--345},
	publisher = {World Scientific Press},
	title = {Constraint-Based Compositional Semantics},
	year = {2008}
}

@inproceedings{vandenbroeck07constraint,
	address = {Aveiro},
	author = {Van {den} Broeck, Wouter},
	booktitle = {Language and Robots: {P}roceedings of the Symposium},
	editor = {Lopes, L. S. and Belpaeme, T. and Cowley, S. J.},
	publisher = {Universidade de Aveiro},
	title = {A Constraint-Based Model of Grounded Compositional Semantics},
	year = {2007}
}

@inproceedings{steels99situated,
	address = {Stockholm, Sweden},
	author = {Steels, Luc and Kaplan, Fr{\'e}d{\'e}ric},
	booktitle = {Proceedings of the Sixteenth International Joint Conference on Artificial Intelligence (IJCAI'99)},
	editor = {Dean, Thomas},
	month = {8},
	pages = {862--867},
	publisher = {Morgan Kaufmann},
	title = {Situated Grounded Word Semantics},
	year = {1999}
}

@inproceedings{steels99how,
	address = {Bielefeld},
	author = {Steels, Luc},
	booktitle = {Proceedings der 4. {F}achtagung der Gesellschaft f{\"u}r Kognitionswissenschaft},
	editor = {Wachsmuth, Ipke and Jung, Bernhard},
	month = {9},
	pages = {1--3},
	title = {How Language Bootstraps Cognition},
	year = {1999}
}

@inproceedings{steels99collective,
	address = {Lausanne, Switzerland},
	author = {Steels, Luc and Kaplan, Fr{\'e}d{\'e}ric},
	booktitle = {Advances in Artificial Life. {P}roceedings of the Fifth {European} Conference, ECAL'99},
	editor = {Floreano, Dario and Nicoud, Jean-Daniel and Mondada, Francesco},
	month = {9},
	pages = {679--688},
	publisher = {Springer},
	series = {Lecture Notes in Computer Science},
	title = {Collective learning and semiotic dynamics},
	volume = {1674},
	year = {1999}
}

@inproceedings{steels98structural,
	address = {Cambridge Ma.},
	author = {Steels, Luc},
	booktitle = {From Animals to Animats 5: {P}roceedings of the Fifth International Conference on Simulation of Adaptive Behavior},
	editor = {Pfeifer, Rolf and Blumberg, Bruce and Meyer, Jean-Arcady and Wilson, Stewart W.},
	pages = {263--269},
	publisher = {The MIT Press},
	title = {Structural Coupling of Cognitive Memories Through Adaptive Language Games},
	year = {1998}
}

@inproceedings{steels98stochasticity,
	author = {Steels, Luc and Kaplan, Fr{\'e}d{\'e}ric},
	booktitle = {Proceedings of the Sixth International Conference on Artificial Life},
	editor = {Adami, Christoph and Belew, Richard K. and Kitano, Hiroaki and Taylor, Charles E.},
	publisher = {MIT Press},
	title = {Stochasticity as a Source of Innovation in Language Games},
	year = {1998}
}

@inproceedings{steels98spontaneous,
	address = {San Francisco, CA},
	author = {Steels, Luc and Kaplan, Fr{\'e}d{\'e}ric},
	booktitle = {Proceedings {COLING}-{ACL} 1998},
	month = {8},
	pages = {1243--1250},
	publisher = {Morgan Kaufmann},
	title = {Spontaneous Lexicon Change},
	year = {1998}
}

@inproceedings{steels97selforganizing,
	author = {Steels, Luc},
	booktitle = {Proceeding of Alife V},
	editor = {Langton, Christopher G.},
	title = {Self-Organizing Vocabularies},
	year = {1997}
}

@inproceedings{steels97origins-syntax,
	address = {San Francisco, CA},
	author = {Steels, Luc},
	booktitle = {Proceedings of the Fifteenth International Joint Conference on Artificial Intelligence},
	editor = {Pollack, Martha E.},
	pages = {1632--1641},
	publisher = {Morgan Kaufmann},
	title = {The Origins of Syntax in Visually Grounded Robotic Agents},
	year = {1997}
}

@inproceedings{steels97language-learning,
	address = {Prague, Czech Republic},
	author = {Steels, Luc},
	booktitle = {Workshop Notes of the ECML/MLnet Familiarization Workshop on Empirical Learning of Natural Language Processing Tasks},
	editor = {Daelemans, Walter and van den Bosh, Antal and Weijters, Ton},
	month = {4},
	publisher = {ECML/MLnet},
	title = {Language Learning and Language Contact},
	year = {1997}
}

@inproceedings{steels97grounding,
	address = {Brighton, U.K.},
	author = {Steels, Luc and Vogt, Paul},
	booktitle = {Proceedings of the 4th {European} Conference on Artificial Life},
	editor = {Husbands, Phil and Harvey, Inman},
	month = {7},
	pages = {473--484},
	publisher = {The MIT Press},
	title = {Grounding Adaptive Language Games in Robotic Agents},
	year = {1997}
}

@inproceedings{steels97constructing,
	address = {Prague, Czech Republic},
	author = {Steels, Luc},
	booktitle = {Proceedings of the {European} Conference on Machine Learning},
	editor = {van Someren, Maarten W. and Widmer, Gerhard},
	month = {4},
	pages = {4--13},
	publisher = {Springer},
	title = {Constructing and Sharing Perceptual Distinctions},
	year = {1997}
}

@inproceedings{steels96perceptually,
	address = {Menlo Park},
	author = {Steels, Luc},
	booktitle = {Proceedings of the Second International Conference on Multi-Agent Systems},
	editor = {Tokoro, Mario},
	pages = {338--344},
	publisher = {AAAI Press},
	title = {Perceptually Grounded Meaning Creation},
	year = {1996}
}

@inproceedings{steels96emergent,
	address = {Cambridge Ma.},
	author = {Steels, Luc},
	booktitle = {From Animals to Animats 4: {P}roceedings of the Fourth International Conference On Simulation of Adaptive Behavior},
	editor = {Maes, Pattie and Mataric, Maja J. and Meyer, Jean-Arcady and Pollack, Jordan and Wilson, Stewart W.},
	pages = {562--567},
	publisher = {The MIT Press},
	title = {Emergent Adaptive Lexicons},
	year = {1996}
}

@inproceedings{steels07scaffolding,
	address = {Honolulu, HI},
	author = {Steels, Luc and Wellens, Pieter},
	booktitle = {IEEE Symposium on Artificial Life 2007 (Alife'07)},
	pages = {325--332},
	publisher = {Wiley -- IEEE Press},
	title = {Scaffolding Language Emergence Using the Autotelic Principle},
	year = {2007}
}

@inproceedings{steels07multilevel,
	address = {Berlin},
	author = {Steels, Luc and {van Trijp}, Remi and Wellens, Pieter},
	booktitle = {Advances in Artificial Life (ECAL 2007)},
	editor = {Almeida e Costa, Fernando and Rocha, Luis M. and Costa, Ernesto and Harvey, Inman},
	pages = {421--434},
	publisher = {Springer},
	series = {LNAI 4648},
	title = {Multi-Level Selection in the Emergence of Language Systematicity},
	year = {2007}
}

@inproceedings{steels06unify,
	address = {Berlin},
	author = {Steels, Luc and De Beule, Joachim},
	booktitle = {Symbol Grounding and Beyond.},
	editor = {Vogt, P. and Sugita, Y. and Tuci, E. and Nehaniv, C.},
	pages = {197--223},
	publisher = {Springer},
	series = {LNAI 4211},
	title = {Unify and Merge in {F}luid {C}onstruction {G}rammar},
	year = {2006}
}

@inproceedings{steels06how-grammar,
	address = {Berlin},
	author = {Steels, Luc and Wellens, Pieter},
	booktitle = {Symbol Grounding and Beyond. {P}roceedings of the Third EELC},
	editor = {Vogt, P. and Sugita, Y. and Tuci, E. and Nehaniv, C.},
	pages = {76--88},
	publisher = {Springer-Verlag},
	series = {LNAI 4211},
	title = {How Grammar Emerges to Dampen Combinatorial Search in Parsing},
	year = {2006}
}

@inproceedings{steels06how,
	address = {London},
	author = {Steels, Luc},
	booktitle = {Proceedings of the 6th International Conference on the Evolution of Language},
	editor = {Cangelosi, Angelo and Smith, Andrew and Smith, Kenny},
	publisher = {World Scientific Publishing},
	title = {How to do Experiments in Artificial Language Evolution and Why},
	year = {2006}
}

@inproceedings{steels05what,
	address = {Hatfield},
	author = {Steels, Luc},
	booktitle = {AISB'05: {P}roceedings of EELC'05},
	editor = {Cangelosi, A. and Nehaniv, C. L.},
	pages = {143--150},
	publisher = {AISB},
	title = {What Triggers the Emergence of Grammar?},
	year = {2005}
}

@inproceedings{steels05planning,
	address = {Santiago de Compostela},
	author = {Steels, Luc and Bleys, Joris},
	booktitle = {Proceedings CAEPIA 2005, 11th conference of the {Spanish} association for Artififcial Intelligence},
	editor = {Bugar{\'\i}n Diz, Alberto J. and Santos Reyes, Jos{\'e}},
	month = {11},
	publisher = {Springer},
	series = {Lecture Notes in Artificial Intelligence},
	title = {Planning What {To} Say: {S}econd Order Semantics for {F}luid {C}onstruction {G}rammars},
	year = {2005}
}

@inproceedings{steels05linking,
	address = {Brussels, Belgium},
	author = {Steels, Luc and De Beule, Joachim and Neubauer, Nicolas},
	booktitle = {Proceedings of the 17th {Belgium}-Netherlands Conference on Artificial Intelligence (BNAIC '05)},
	pages = {11--18},
	title = {Linking in {F}luid {C}onstruction {G}rammar},
	year = {2005}
}

@inproceedings{steels04constructivist,
	address = {Barcelona},
	author = {Steels, Luc},
	booktitle = {Proceedings 42nd Annual Meeting of the Association for Computational Linguistics},
	editor = {Daelemans, Walter},
	pages = {9--19},
	title = {Constructivist Development of Grounded Construction Grammars},
	year = {2004}
}

@inproceedings{steels04autotelic,
	address = {Berlin},
	author = {Steels, Luc},
	booktitle = {Embodied Artificial Intelligence},
	editor = {Fumiya, I. and Pfeifer, R. and Steels, L. and Kunyoshi, K.},
	pages = {231--242},
	publisher = {Springer},
	series = {LNAI},
	title = {The Autotelic Principle},
	volume = {3139},
	year = {2004}
}

@inproceedings{steels02simulating,
	address = {Harvard},
	author = {Steels, Luc},
	booktitle = {Proceedings of the Evolution of Language Conference},
	month = {4},
	title = {Simulating the Evolution of a Grammar for Case},
	year = {2002}
}

@inproceedings{steels01role,
	address = {Menlo Park, CA},
	author = {Steels, Luc},
	booktitle = {Papers from the 2001 AAI Spring Symposium},
	editor = {Cohen, P. R. and Oates, T.},
	publisher = {AAAI Press},
	title = {The Role of Language in Learning Grounded Representations},
	year = {2001}
}

@inproceedings{steels00emergence,
	address = {Berlin, Germany},
	author = {Steels, Luc},
	booktitle = {Proceedings of the 14th {European} Conference on Artificial Intelligence (ECAI)},
	editor = {Horn, Werner},
	month = {8},
	pages = {764--769},
	publisher = {IOS Press},
	title = {The Emergence of Grammar in Communicating Autonomous Robotic Agents},
	year = {2000}
}

@inproceedings{smith03language,
	address = {2003},
	author = {Smith, Kenny and Hurford, James R.},
	booktitle = {Advances in Artificial Life: {P}roceedings of the 7th Eurpopean Conferenceon Artificial Life},
	editor = {Banzhaf, W. and Ziegler, J. and Dittrich, P. and Kim, J. T. and Christaller, T.},
	pages = {507--516},
	publisher = {Springer},
	title = {Language {E}volution in Populations: {{E}}xtending the Iterated Learning Model},
	year = {2003}
}

@inproceedings{siskind00visual,
	author = {Siskind, Jeffrey Mark},
	booktitle = {Proceedings of the National Conference on Artificial Intelligence (AAAI)},
	month = {8},
	pages = {149--155},
	title = {Visual Event Classification via Force Dynamics},
	year = {2000}
}

@inproceedings{michaelis06complementation,
	address = {Berkeley},
	author = {Michaelis, Laura A.},
	booktitle = {Proceedings of the Thirty-Second Annual Meeting of the Berkeley Linguistics Society},
	editor = {Hauser, Marc},
	publisher = {BLS},
	title = {Complementation by Construction},
	year = {2012}
}

@inproceedings{levin99two,
	address = {Ithaca, NY},
	author = {Levin, Beth and Rappaport Hovav, Malka},
	booktitle = {Proceedings of SALT 9},
	pages = {127--144},
	publisher = {Cornell Linguistics Circle Publications},
	title = {Two Structures for Compositionally Derived Events},
	year = {1999}
}

@inproceedings{kirby99syntax,
	address = {Berlin},
	author = {Kirby, Simon},
	booktitle = {Advances in Artificial Life: {P}roceedings of the 5th {European} Conference on Artificial Life},
	editor = {Floreano, D. and Nicoud, J. D. and Mondada, F.},
	pages = {694--703},
	publisher = {Springer},
	title = {Syntax out of Learning: {T}he Cultural Evolution of Structured Communication in a Population of Induction Algorithms},
	year = {1999}
}

@inproceedings{kaplan98architecture,
	author = {Kaplan, Fr{\'e}d{\'e}ric and McIntyre, Angus and Steels, Luc},
	booktitle = {Proceedings of Sony Research Forum 1998},
	title = {An Architecture for Evolving Robust Shared Communication Systems in Noisy Environments},
	year = {1998}
}

@inproceedings{hoefler08reanalysis,
	address = {Singapore},
	author = {Hoefler, Stefan and Smith, Andrew D. M.},
	booktitle = {The Evolution of Language. {P}roceedings of the 7th International Conference (EVOLANG 7)},
	editor = {Smith, Andrew D. M. and Smith, Kenny and Ferrer i Cancho, Ramon},
	pages = {34--41},
	publisher = {World Scientific Press},
	title = {Reanalysis vs Metaphor: {W}hat Grammaticalisation CAN Tell {Us} About Language Evolution},
	year = {2008}
}

@inproceedings{gil08how,
	address = {Singapore},
	author = {Gil, David},
	booktitle = {The Evolution of Language. {P}roceedings of the 7th International Conference (EVOLANG 7)},
	editor = {Smith, Andrew D. M. and Smith, Kenny and Ferrer i Cancho, Ramon},
	pages = {123--130},
	publisher = {World Scientific Press},
	title = {How Much Grammar Does it Take to Sail a Boat?(Or, What can Material Artifacts Tell {Us} about the Evolution of Language},
	year = {2008}
}

@inproceedings{debeule08emergence,
	address = {Singapore},
	author = {De Beule, Joachim},
	booktitle = {The Evolution of Language. {P}roceedings of the 7th International Conference (EVOLANG 7)},
	editor = {Smith, Andrew D. M. and Smith, Kenny and Ferrer i Cancho, Ramon},
	pages = {75--82},
	publisher = {World Scientific Press},
	title = {The Emergence of Compositionality, Hierarchy and Recursion in Peer-to-Peer Interactions},
	year = {2008}
}

@inproceedings{debeule06emergence,
	address = {Singapore},
	author = {De Beule, Joachim and Bergen, Benjamin K.},
	booktitle = {The Evolution of Language},
	editor = {Cangelosi, A. and Smith, A. and Smith, K.},
	publisher = {World Scientific},
	title = {On the Emergence of Compositionality},
	year = {2006}
}

@inproceedings{debeule05hierarchy,
	address = {Berlin},
	author = {De Beule, Joachim and Steels, Luc},
	booktitle = {KI 2005: {A}dvances In Artificial Intelligence. {P}roceedings of the 28th {German} Conference on AI},
	editor = {Furbach, Ulrich},
	pages = {1--15},
	publisher = {Springer},
	series = {Lecture Notes in Artificial Intelligence},
	title = {Hierarchy in {F}luid {C}onstruction {G}rammar},
	volume = {3698},
	year = {2005}
}

@inproceedings{bybee00three,
	address = {Dwinelle Hall, Berkeley CA},
	author = {Bybee, Joan and Thompson, Sandra},
	booktitle = {Berkeley Linguistics Society},
	pages = {65--85},
	publisher = {University of California, Berkeley},
	title = {Three Frequency Effects in Syntax},
	volume = {23},
	year = {2000}
}

@inproceedings{bleys08recursive,
	address = {Singapore},
	author = {Bleys, Joris},
	booktitle = {The Evolution of Language. {P}roceedings of the 7th International Conference (EVOLANG 7)},
	editor = {Smith, Andrew D. M. and Smith, Kenny and Ferrer i Cancho, Ramon},
	pages = {34--41},
	publisher = {World Scientific Press},
	title = {The Origins of Recursive Rules: {A} {Usage}-Based Account},
	year = {2008}
}

@inproceedings{belpaeme05colourful,
	address = {Hatfield, UK},
	author = {Belpaeme, Tony and Bleys, Joris},
	booktitle = {AISB'05: {P}roceedings of Second International Symposium on the Emergence and Evolution of Linguistic Communication (EELC'05)},
	editor = {Lyon, Caroline and Cangelosi, Angelo and Nehaniv, Chrystopher L.},
	month = {4},
	title = {Colourful Language and Colour Categories},
	year = {2005}
}

@inproceedings{baillie00action,
	address = {Berlin, Germany},
	author = {Baillie, Jean-Christophe and Ganascia, Jean-Gabriel},
	booktitle = {Proceedings of the 14th {European} Conference on Artificial Intelligence (ECAI)},
	editor = {Horn, Werner},
	month = {8},
	pages = {643--647},
	publisher = {IOS Press},
	title = {Action Categorization from Video Sequences},
	year = {2000}
}

@incollection{vantrijp12robust,
	address = {Heidelberg/Berlin},
	author = {{van Trijp}, Remi},
	booktitle = {Computational Issues in {Fluid Construction Grammar}},
	editor = {Steels, Luc},
	pages = {51--74},
	publisher = {Springer},
	title = {A Reflective Architecture for Robust Language Processing and Learning},
	year = {2012}
}

@incollection{vantrijp12case,
	address = {Amsterdam},
	author = {{van Trijp}, Remi},
	booktitle = {Experiments in Cultural Language Evolution},
	editor = {Steels, Luc},
	pages = {169--205},
	publisher = {John Benjamins},
	title = {The Evolution of Case Systems for Marking Event Structure},
	year = {2012}
}

@incollection{vantrijp11feature,
	address = {Amsterdam},
	author = {{van Trijp}, Remi},
	booktitle = {Design Patterns in {F}luid {C}onstruction {G}rammar},
	editor = {Steels, Luc},
	pages = {205--235},
	publisher = {John Benjamins},
	title = {Feature Matrices and Agreement: {A} Case Study for {{German}} Case},
	year = {2011}
}

@incollection{vantrijp11design,
	address = {Amsterdam},
	author = {{van Trijp}, Remi},
	booktitle = {Design Patterns in {F}luid {C}onstruction {G}rammar},
	editor = {Steels, Luc},
	pages = {115--145},
	publisher = {John Benjamins},
	title = {A Design Pattern for Argument Structure Constructions},
	year = {2011}
}

@incollection{vantrijp08argumentsstruktur,
	address = {T\"{u}bingen},
	author = {{van Trijp}, Remi},
	booktitle = {Konstruktionsgrammatik II: {V}on der Konstruktion zur Grammatik},
	editor = {Fischer, Kerstin and Stefanowitsch, Anatol},
	publisher = {Stauffenburg Verlag},
	series = {Stauffenburg Linguistik},
	title = {Argumentsstruktur in der {F}luid {C}onstruction {G}rammar},
	volume = {47},
	year = {2008}
}

@incollection{traugott92syntax,
	address = {Cambridge},
	author = {Traugott, Elizabeth Closs},
	booktitle = {The Cambridge History of the {{E}}nglish Language. {T}he Beginnings to 1066},
	editor = {Hogg, Richard M.},
	pages = {168--289},
	publisher = {Cambridge University Press},
	title = {Syntax},
	volume = {1},
	year = {1992}
}

@incollection{tomasello95jointattention,
	address = {Hillsdale, NJ},
	author = {Tomasello, Michael},
	booktitle = {Joint Attention: {I}ts Origins and Role in Development},
	editor = {Moore, Chris and Dunham, Philip J.},
	pages = {103--130},
	publisher = {Lawrence Erlbaum Associates},
	title = {Joint Attention as Social Cognition},
	year = {1995}
}

@incollection{timberlake77reanalysis,
	address = {Austin},
	author = {Timberlake, Alan},
	booktitle = {Mechanisms of Syntactic Change},
	editor = {Li, C. N.},
	pages = {141--177},
	publisher = {University of Texas Press},
	title = {Reanalysis and Actualization in Syntactic Change},
	year = {1977}
}

@incollection{steels99spontaneous,
	address = {Oxford},
	author = {Steels, Luc},
	booktitle = {Machine Intelligence 15},
	editor = {Muggleton, Stephen},
	pages = {205--224},
	publisher = {Oxford University Press},
	title = {The Spontaneous Self-organization of an Adaptive Language},
	year = {1999}
}

@incollection{steels97synthesising,
	address = {Edinburgh},
	author = {Steels, Luc},
	booktitle = {Approaches to the Evolution of Language: {S}ocial and Cognitive Bases},
	editor = {Hurford, James R. and Studdert-Kennedy, Michael and Knight, Chris},
	pages = {384--404},
	publisher = {Edinburgh University Press},
	title = {Synthesising the Origins of Language and Meaning Using Co-evolution, Self-organisation and Level Formation},
	year = {1998}
}

@incollection{steels12action,
	address = {Berlin/New York},
	author = {Steels, Luc and Spranger, Michael and {van Trijp}, Remi and H\"{o}fer, Sebastian and Hild, Manfred},
	booktitle = {Language Grounding in Robots},
	editor = {Steels, Luc and Hild, Manfred},
	pages = {255--276},
	publisher = {Springer},
	sortname = {Steels, Luc and Spranger, Michael and {van Trijp}, Remi and H{o}fer, Sebastian and Hild, Manfred},
	title = {Emergent Action Language on Real Robots},
	year = {2012}
}

@incollection{steels11how,
	address = {Amsterdam},
	author = {Steels, Luc and {van Trijp}, Remi},
	booktitle = {Design Patterns in {F}luid {C}onstruction {G}rammar},
	editor = {Steels, Luc},
	pages = {301--330},
	publisher = {John Benjamins},
	title = {How to {Make} Construction Grammars Fluid and Robust},
	year = {2011}
}

@incollection{steels08perspective-alignment,
	address = {Oxford},
	author = {Steels, Luc and Loetzsch, Martin},
	booktitle = {Spatial Language and Dialogue},
	editor = {Coventry, Kenny R. and Tenbrink, Thora and Bateman, John. A},
	pages = {70--88},
	publisher = {Oxford University Press},
	title = {Perspective Alignment in Spatial Language},
	year = {2008}
}

@incollection{steels07recruitment,
	address = {Berlin},
	author = {Steels, Luc},
	booktitle = {The Emergence of Communication and Language},
	editor = {Lyon, C. and Nehaniv, C. and Cangelosi, A.},
	pages = {129--151},
	publisher = {Springer Verlag},
	title = {The Recruitment Theory of Language Origins},
	year = {2007}
}

@incollection{steels04architecture,
	address = {Amsterdam},
	author = {Steels, Luc},
	booktitle = {A Learning Zone of {One}'s Own},
	editor = {Tokoro, Mario and Steels, Luc},
	pages = {135--150},
	publisher = {IOS Press},
	title = {The Architecture of Flow},
	year = {2004}
}

@incollection{steels02grounding,
	address = {London},
	author = {Steels, Luc},
	booktitle = {Simulating the Evolution of Language},
	editor = {Cangelosi, Angelo and Parisi, Domenico},
	pages = {211--226},
	publisher = {Springer Verlag},
	title = {Grounding Symbols Through Evolutionary Language Games},
	year = {2002}
}

@incollection{steels02crucial,
	address = {Oxford, UK},
	author = {Steels, Luc and Kaplan, Fr{\'e}d{\'e}ric and McIntyre, Angus and Van Looveren, Joris},
	booktitle = {The Transition to Language},
	editor = {Wray, Alison},
	pages = {252--271},
	publisher = {Oxford University Press},
	sortname = {Steels, Luc and Kaplan, Fr{e}d{e}ric and McIntyre, Angus and Van Looveren, Joris},
	title = {Crucial Factors in the Origins of Word-Meaning},
	year = {2002}
}

@incollection{steels02bootstrapping,
	address = {Cambridge},
	author = {Steels, Luc and Kaplan, Fr{\'e}d{\'e}ric},
	booktitle = {Linguistic Evolution through Language Acquisition: {F}ormal and Computational Models},
	editor = {Briscoe, T.},
	pages = {53--73},
	publisher = {Cambridge University Press},
	sortname = {Steels, Luc and Kaplan, Fr{e}d{e}ric},
	title = {Bootstrapping Grounded Word Semantics},
	year = {2002}
}

@incollection{sag07sbcg,
	address = {Stanford},
	author = {Sag, Ivan A.},
	booktitle = {{Sign-Based Construction Grammar}},
	editor = {Boas, Hans C. and Sag, Ivan A.},
	pages = {69--202},
	publisher = {CSLI Publications},
	sortname = {Sag, Ivan A.},
	title = {Sign-Based Construction Grammar: {A}n Informal Synopsis},
	year = {2013}
}

@incollection{loetzsch08typological,
	address = {Berlin},
	author = {Loetzsch, Martin and van Trijp, Remi and and Steels, Luc},
	booktitle = {Modeling Communication with Robots and Virtual Humans},
	editor = {Wachsmuth, I. and Knoblich, G.},
	pages = {125--142},
	publisher = {Springer},
	series = {LNCS 4930},
	title = {Typological and Computational Investigations of Spatial Perspective},
	year = {2008}
}

@incollection{langacker77syntactic,
	address = {Austin},
	author = {Langacker, Ronald W.},
	booktitle = {Mechanisms of Syntactic Change},
	editor = {Li, C. N.},
	pages = {59--139},
	publisher = {University of Texas Press},
	sortname = {Langacker, Ronald W.},
	title = {Syntactic Reanalysis},
	year = {1977}
}

@incollection{langacker00dynamic,
	address = {Chicago},
	author = {Langacker, Ronald W.},
	booktitle = {{Usage}-Based Models of Language},
	editor = {Barlow, Michael and Kemmer, Suzanne},
	pages = {1--63},
	publisher = {Chicago University Press},
	sortname = {Langacker, Ronald W.},
	title = {A Dynamic {Usage}-Based Model},
	year = {2000}
}

@incollection{kirby03language,
	address = {Oxford},
	author = {Christiansen, Morten and Kirby, Simon},
	booktitle = {Language Evolution},
	editor = {Christiansen, Morten and Kirby, Simon},
	pages = {1--15},
	publisher = {Oxford University Press},
	sortname = {Christiansen, M. and Kirby, S.},
	title = {Language Evolution: {T}he Hardest Problem in Science?},
	year = {2003}
}

@incollection{kirby02learning,
	address = {Cambridge},
	author = {Kirby, Simon},
	booktitle = {Linguistic Evolution through Language Acquisition: {F}ormal and Computational Models},
	editor = {Briscoe, Ted},
	pages = {173--204},
	publisher = {Cambridge University Press},
	title = {Learning, Bottlenecks and the Evolution of Recursive Syntax},
	year = {2002}
}

@incollection{kirby02emergence,
	address = {London},
	author = {Kirby, Simon and Hurford, James},
	booktitle = {Simulating the Evolution of Language},
	editor = {Cangelosi, Angelo and Parisi, Domenico},
	pages = {121--148},
	publisher = {Springer Verlag},
	title = {The Emergence of Linguistic Structure: {A}n Overview of the Iterated Learning Model},
	year = {2002}
}

@incollection{kirby00syntax,
	address = {Cambridge},
	author = {Kirby, Simon},
	booktitle = {The Evolutionary Emergence of Language: {S}ocial Function and the Origins of Linguistic Form},
	editor = {Knight, Chris and Hurford, James and Studdert-Kennedy, Michael},
	pages = {303--323},
	publisher = {Cambridge University Press},
	title = {Syntax without Natural Selection: {H}ow Compositionality Emerges from Vocabulary in a Population of Learners},
	year = {2000}
}

@incollection{kay05argument,
	address = {Amsterdam},
	author = {Kay, Paul},
	booktitle = {Grammatical Constructions: {B}ack to the Roots},
	editor = {Fried, Miriam and Boas, Hans C.},
	pages = {71--98},
	publisher = {John Benjamins},
	title = {Argument Structure Constructions and the Argument-Adjunt Distinction},
	year = {2005}
}

@incollection{haspelmath03geometry,
	address = {Mahwah, New Jersey},
	author = {Haspelmath, Martin},
	booktitle = {The New Psychology of Language},
	editor = {Tomasello, Michael},
	pages = {211--242},
	publisher = {Lawrence Erlbaum},
	title = {The Geometry of Grammatical Meaning: {S}emantic Maps and Cross-Linguistic Comparison},
	volume = {2},
	year = {2003}
}

@incollection{givon97introduction,
	address = {Amsterdam},
	author = {Giv\'{o}n, Talmy},
	booktitle = {Grammatical Relations: {A} Functional Perspective},
	editor = {Giv\'{o}n, Talmy},
	pages = {1--84},
	publisher = {John Benjamins},
	series = {Typological Studies in Language},
	sortname = {Giv{o}n, Talmy},
	title = {Grammatical Relations: {A}n Introduction},
	volume = {35},
	year = {1997}
}

@incollection{fillmore68case,
	address = {New York},
	author = {Fillmore, Charles},
	booktitle = {Universals in Linguistic Theory},
	editor = {Bach, E. and Harms, R.},
	pages = {1--88},
	publisher = {Holt, Rhinehart and Winston},
	title = {The Case for Case},
	year = {1968}
}

@incollection{davidse96functional,
	address = {Amsterdam},
	author = {Davidse, Kristin},
	booktitle = {The Dative. {V}olume 1: {D}escriptive Studies},
	editor = {Van Belle, William and Van Langendonck, Willy},
	pages = {289 -- 338},
	publisher = {John Benjamins},
	series = {Case and Grammatical Relations Across Languages},
	title = {Functional Dimensions of the Dative in {{E}}nglish},
	year = {1996}
}

@incollection{daelemans02comparing,
	address = {Amsterdam},
	author = {Daelemans, Walter},
	booktitle = {Analogical Modeling},
	editor = {Skousen, R. and Lonsdale, D. and Parkinson, D.},
	pages = {157--179},
	publisher = {John Benjamins},
	title = {A Comparison of {A}nalogical {M}odeling of {L}anguage to {M}emory-{B}ased {L}anguage {P}rocessing},
	year = {2002}
}

@incollection{cysouw08building,
	address = {Berlin},
	author = {Cysouw, Michael},
	booktitle = {New Challenges in Typology},
	editor = {Miestamo, Matti and W\"{a}lchli, Bernhard},
	pages = {225--248},
	publisher = {Mouton De Gruyter},
	title = {Building Semantic Maps: {T}he Case of Person Marking},
	year = {2007}
}

@incollection{croft98event,
	address = {Stanford},
	author = {Croft, William},
	booktitle = {The Projection of Arguments: {L}exical and Compositional Factors},
	editor = {Butt, Miriam and Geuder, Wilhelm},
	pages = {21--63},
	publisher = {CSLI Publications},
	title = {Event Structure in Argument Linking},
	year = {1998}
}

@incollection{croft05relevance,
	address = {Amsterdam},
	author = {Croft, William},
	booktitle = {Different Models of Linguistic Change},
	editor = {Nedergaard Thomsen, Ole},
	pages = {91--132},
	publisher = {John Benjamins},
	title = {The Relevance of an Evolutionary Model to Historical Linguistics},
	year = {2004}
}

@incollection{croft05logical,
	address = {Amsterdam},
	author = {Croft, William},
	booktitle = {Construction Grammars: {C}ognitive Grounding and Theoretical Extensions},
	editor = {{\"O}stman, Jan-Ola and Fried, Mirjam},
	pages = {273--314},
	publisher = {John Benjamins},
	title = {Logical and Typological Arguments for Radical Construction Grammar},
	year = {2005}
}

@incollection{comrie05wals,
	Chapter = {98--99},
	address = {Oxford},
	author = {Comrie, Bernard},
	booktitle = {The World Atlas of Language Structures},
	editor = {Haspelmath, Martin and Dryer, Matthew S. and Gil, David and Comrie, Bernard},
	publisher = {Oxford University Press},
	title = {Alignment of Case Marking},
	year = {2005}
}

@incollection{brighton05cultural,
	address = {Oxford},
	author = {Brighton, Henry and Kirby, Simon and Smith, Kenny},
	booktitle = {Language Origins: {P}erspectives on Evolution},
	editor = {Tallerman, Maggie},
	pages = {Chapter 13},
	publisher = {Oxford University Press},
	title = {Cultural Selection for Learnability: {T}hree Principles Underlying the View that Language Adapts to be Learnable},
	year = {2005}
}

@incollection{beuls12diagnostics,
	address = {Berlin/New York},
	author = {Beuls, Katrien and {van Trijp}, Remi and Wellens, Pieter},
	booktitle = {Language Grounding in Robots},
	editor = {Steels, Luc and Hild, Manfred},
	pages = {215--234},
	publisher = {Springer},
	title = {Diagnostics and Repairs in {Fluid Construction Grammar}},
	year = {2012}
}

@incollection{bergen05embodied,
	address = {Amsterdam},
	author = {Bergen, Benjamin K. and Chang, Nancy},
	booktitle = {Construction Grammars: {C}ognitive Grounding and Theoretical Extensions},
	editor = {{\"O}stman, Jan-Ola and Fried, Mirjam},
	pages = {147--190},
	publisher = {John Benjamins},
	sortname = {Bergen, Benjamin K. and Chang, Nancy},
	title = {Embodied {C}onstruction {G}rammar},
	year = {2005}
}

@incollection{batali98computational,
	address = {Edinburgh},
	author = {Batali, John},
	booktitle = {Approaches to the Evolution of Language: {S}ocial and Cognitive Bases},
	editor = {Hurford, James R. and Studdert-Kennedy, Michael and Knight, Chris},
	pages = {405--426},
	publisher = {Edinburgh University Press},
	title = {Computational Simulations of the Emergence of Grammar},
	year = {1998}
}

@incollection{batali02negotiation,
	address = {Cambridge},
	author = {Batali, John},
	booktitle = {Linguistic Evolution through Language Acquisition: {F}ormal and Computational Models},
	editor = {Briscoe, T.},
	pages = {111--172},
	publisher = {Cambridge University Press},
	title = {The Negotiation and Acquisition of Recursive Grammars as a Result of Competition Among Exemplars},
	year = {2002}
}

@incollection{barddal09case,
	address = {Amsterdam},
	author = {Bar{\dh}dal, Johanna},
	booktitle = {The Role of Semantic, Pragmatic and Discourse Factors in the Development of Case},
	editor = {Bar{\dh}dal, Johanna and Chelliah, Shobhana},
	pages = {123--159},
	publisher = {John Benjamins},
	sortname = {Bar{\dh}dal, Johanna},
	title = {The Development of Case in {G}ermanic},
	year = {2009}
}

@book{wray02transition,
	address = {Oxford, UK},
	booktitle = {The Transition to Language},
	editor = {Wray, Alison},
	publisher = {Oxford University Press},
	title = {The Transition to Language},
	year = {2002}
}

@book{tajima85syntactic,
	address = {Tokyo},
	author = {Tajima, M.},
	publisher = {Nan'un-do},
	sortname = {Tajima, M.},
	title = {The Syntactic Development of the Gerund in Middle {{E}}nglish},
	year = {1985}
}

@book{steels99talking-heads,
	Note = {Special pre-edition for LABORATORIUM, Antwerpen},
	address = {Brussels},
	author = {Steels, Luc},
	publisher = {VUB Artificial Intelligence Laboratory},
	title = {The Talking Heads Experiment. {V}olume 1. {W}ords and Meanings},
	year = {1999}
}

@book{steels95alife-route,
	address = {New Haven},
	booktitle = {The `Artificial Life' Route to Artificial Intelligence: {B}uilding Embodied, Situated Agents},
	editor = {Steels, Luc and Brooks, Rodney A.},
	publisher = {Lawrence Erlbaum Ass},
	sortname = {Steels, Luc and Brooks, Rodney A.},
	title = {The `Artificial Life' Route to Artificial Intelligence: {B}uilding Embodied, Situated Agents},
	year = {1995}
}

@book{steels12language,
	address = {Berlin/New York},
	booktitle = {Language Grounding in Robots},
	editor = {Steels, Luc and Hild, Manfred},
	publisher = {Springer},
	title = {Language Grounding in Robots},
	year = {2012}
}

@book{steels12computational,
	address = {Heidelberg/Berlin},
	booktitle = {Computational Issues in {Fluid Construction Grammar}},
	editor = {Steels, Luc},
	publisher = {Springer},
	title = {Computational Issues in {Fluid Construction Grammar}},
	year = {2012}
}

@book{steels11design,
	address = {Amsterdam},
	booktitle = {Design Patterns in {F}luid {C}onstruction {G}rammar},
	editor = {Steels, Luc},
	publisher = {John Benjamins},
	title = {Design Patterns in {F}luid {C}onstruction {G}rammar},
	year = {2011}
}

@book{steedman00syntactic,
	address = {Cambridge, MA},
	author = {Steedman, Mark},
	publisher = {MIT Press},
	title = {The Syntactic Process},
	year = {2000}
}

@book{sperber86relevance,
	address = {Cambridge, MA},
	author = {Sperber, D. and Wilson, D. S. },
	publisher = {Harvard University Press},
	sortname = {Sperber, D. and Wilson, D. S.},
	title = {Relevance: {C}ommunication and Cognition},
	year = {1986}
}

@book{skousen89analogical,
	address = {Dordrecht},
	author = {Skousen, Royal},
	publisher = {Kluwer},
	title = {Analogical Modeling of Language},
	year = {1989}
}

@book{sag94hpsg,
	address = {Chicago},
	author = {Pollard, Carl and Sag, Ivan A.},
	publisher = {University of Chicago Press},
	sortname = {Pollard, Carl and Sag, Ivan A.},
	title = {Head-Driven Phrase Structure Grammar},
	year = {1994}
}

@book{pinker89learnability,
	address = {Cambridge},
	author = {Pinker, Steven},
	publisher = {Cambridge UP},
	title = {Learnability and Cognition: {T}he Acquisition of Argument Structure},
	year = {1989}
}

@book{palmer94grammatical,
	address = {Cambridge},
	author = {Palmer, F. R.},
	publisher = {Cambridge UP},
	sortname = {Palmer, F. R.},
	title = {Grammatical Roles and Relations},
	year = {1994}
}

@book{mitchell97machine,
	address = {New York},
	author = {Mitchell, Tom M.},
	publisher = {WCB/McGraw-Hill},
	series = {McGraw-Hill Series in Computer Science},
	sortname = {Mitchell, Tom M.},
	title = {Machine Learning},
	year = {1997}
}

@book{malchukov09case,
	address = {Oxford},
	booktitle = {The {O}xford Handbook of Case},
	editor = {Malchukov, Andrej and Spencer, Andrew},
	publisher = {Oxford University Press},
	title = {The {O}xford Handbook of Case},
	year = {2009}
}

@book{levin05argument,
	address = {Cambridge},
	author = {Levin, Beth and Rappaport Hovav, Malka},
	publisher = {Cambridge University Press},
	series = {Research Surveys in Linguistics},
	title = {Argument Realization},
	year = {2005}
}

@book{langacker87foundations,
	address = {Stanford},
	author = {Langacker, Ronald W.},
	publisher = {Stanford University Press},
	sortname = {Langacker, Ronald W.},
	title = {Foundations of Cognitive Grammar. {V}olume 1},
	year = {1987}
}

@book{lakoff87woman,
	address = {Chicago},
	author = {Lakoff, George},
	publisher = {The University of Chicago Press},
	title = {Women, Fire, and Dangerous Things: {W}hat Categories Reveal about the Mind},
	year = {1987}
}

@book{kulikov06casebook,
	address = {Amsterdam},
	booktitle = {Case, Valency and Transitivity},
	editor = {Kulikov, Leonid and Malchukov, Andrej and {de Swart}, Peter},
	pages = {23--47},
	publisher = {John Benjamins},
	title = {Case Systems in a Diachronic Perspective: {A} Typological Sketch},
	year = {2006}
}

@book{king69historical,
	address = {New York},
	author = {King, Robert D.},
	publisher = {Prentice Hall},
	sortname = {King, Robert D.},
	title = {Historical Linguistics and Generative Grammar},
	year = {1969}
}

@book{jackendoff90semantic,
	address = {Cambridge, MA},
	author = {Jackendoff, Ray},
	publisher = {MIT Press},
	title = {Semantic Structures},
	year = {1990}
}

@book{hopper93grammaticalization,
	address = {Cambridge},
	author = {Hopper, Paul and Traugott, Elizabeth Closs},
	publisher = {Cambridge University Press},
	title = {Grammaticalization},
	year = {1993}
}

@book{hawkin88brief,
	Note = {Introduction by Carl Sagan},
	address = {London},
	author = {Hawkin, Stephen},
	publisher = {Bantam Books},
	title = {A Brief History of Time. {F}rom the Big Bang to Black Holes},
	year = {1988}
}

@book{goldberg95construction,
	address = {Chicago},
	author = {Goldberg, Adele E.},
	publisher = {Chicago UP},
	sortname = {Goldberg, Adele E.},
	title = {A Construction Grammar Approach to Argument Structure},
	year = {1995}
}

@book{gleason65linguistics,
	address = {New York},
	author = {Gleason, Henry A.},
	publisher = {Holt, Rinehart and Winston},
	sortname = {Gleason, Henry A.},
	title = {Linguistics and {{E}}nglish Grammar},
	year = {1965}
}

@book{givon01syntax,
	address = {Amsterdam},
	author = {Giv\'{o}n, Talmy},
	publisher = {John Benjamins},
	sortname = {Giv{o}n, Talmy},
	title = {Syntax},
	volume = {1},
	year = {2001}
}

@book{fillmore08construction,
	Note = {Unpublished manuscript. Chapter 7 available online at http://lingo.stanford.edu/sag/SBCG/7.pdf. Last accessed on 1 May 2008},
	address = {Chicago},
	author = {Fillmore, Charles J. and Kay, Paul and Michaelis, Laura and Sag, Ivan},
	publisher = {Chicago University Press},
	sortname = {Fillmore, Charles J. and Kay, Paul and Michaelis, Laura and Sag, Ivan},
	title = {Construction Grammar},
	year = {unpubl.}
}

@book{dik97functional,
	address = {Berlin},
	author = {Dik, Simon},
	publisher = {Mouton de Gruyter},
	title = {The Theory of Functional Grammar},
	year = {1997}
}

@book{daelemans05memory,
	address = {Cambridge},
	author = {Daelemans, Walter and {Van den Bosch}, Antal},
	publisher = {Cambridge University Press},
	series = {Studies in Natural Language Processing},
	title = {Memory-Based Language Processing},
	year = {2005}
}

@book{croft91syntactic,
	address = {Chicago},
	author = {Croft, William},
	publisher = {Chicago UP},
	title = {Syntactic Categories and Grammatical Relations. {T}he Cognitive Organization of Information},
	year = {1991}
}

@book{croft04cognitive,
	address = {Cambridge},
	author = {Croft, William and Cruse, D. Alan},
	publisher = {Cambridge University Press},
	series = {Cambridge Textbooks in Linguistics},
	sortname = {Croft, William and Cruse, D. Alan},
	title = {Cognitive Linguistics},
	year = {2004}
}

@book{croft01radical,
	address = {Oxford},
	author = {Croft, William},
	publisher = {Oxford UP},
	title = {Radical Construction Grammar: {S}yntactic Theory in Typological Perspective},
	year = {2001}
}

@book{croft00explaining,
	address = {Harlow Essex},
	author = {Croft, William},
	publisher = {Longman},
	title = {Explaining Language Change: {A}n Evolutionary Approach},
	year = {2000}
}

@book{butt06theories,
	address = {Cambridge},
	author = {Butt, Miriam},
	publisher = {Cambridge University Press},
	series = {Cambridge Textbooks in Linguistics},
	title = {Theories of Case},
	year = {2006}
}

@book{bresnan82mental,
	address = {Cambridge, MA},
	author = {Bresnan, Joan},
	publisher = {MIT Press},
	title = {The Mental Representation of Grammatical Relations},
	year = {1982}
}

@book{boas13sbcg,
	address = {Stanford},
	booktitle = {{Sign-Based Construction Grammar}},
	editor = {Boas, Hans C. and Sag, Ivan A.},
	publisher = {CSLI Publications},
	sortname = {Boas, Hans C. and Sag, Ivan A.},
	title = {{Sign-Based Construction Grammar}},
	year = {2013}
}

@book{blake94case,
	address = {Cambridge},
	author = {Blake, Barry J.},
	publisher = {Cambridge University Press},
	series = {Cambridge Textbook in Linguistics},
	sortname = {Blake, Barry J.},
	title = {Case},
	year = {1994}
}

@book{barddal09casebook,
	address = {Amsterdam},
	booktitle = {The Role of Semantic, Pragmatic and Discourse Factors in the Development of Case},
	editor = {Bar{\dh}dal, Johanna and Chelliah, Shobhana},
	publisher = {John Benjamins},
	sortname = {Bar{\dh}dal, Johanna and Chelliah, Shobhana},
	title = {The Role of Semantic, Pragmatic and Discourse Factors in the Development of Case},
	year = {2009}
}

@book{amberber05competition,
	address = {Oxford},
	booktitle = {Competition and Variation in Natural {Languages}: {T}he Case for Case},
	editor = {Amberber, Mengistu and {d}e Hoop, Helen},
	publisher = {Oxford University Press},
	title = {Competition and Variation in Natural {Languages}: {T}he Case for Case},
	year = {2005}
}

@article{wray98protolanguage,
	author = {Wray, Alison},
	journal = {Language \& Communication},
	pages = {47--67},
	title = {Protolanguage as a Holistic System for Social Interaction},
	volume = {18},
	year = {1998}
}

@article{wilson94group,
	Number = {4},
	author = {Wilson, D. S. and Sober, E.},
	journal = {Behavioral and Brain Sciences},
	pages = {585--654},
	sortname = {Wilson, D. S. and Sober, E.},
	title = {Reintroducing Group Selection to the Human Behavioral Sciences},
	volume = {17},
	year = {1994}
}

@article{wellens08flexible,
	Number = {2},
	author = {Wellens, Pieter and Loetzsch, Martin and Steels, Luc},
	journal = {Connection Science},
	pages = {173--191},
	title = {Flexible Word Meaning in Embodied Agents},
	volume = {20},
	year = {2008}
}

@article{vantrijp14,
	author = {{van Trijp}, Remi},
	doi = {10.1017/langcog.2014.8},
	issue = {02},
	journal = {Language and Cognition},
	month = {6},
	pages = {242--270},
	title = {Long-Distance Dependencies Without Filler-Gaps: {A} Cognitive-Functional Alternative in {Fluid Construction Grammar}},
	volume = {6},
	year = {2014}
}

@article{stefanowitsch03collostructions,
	Number = {8},
	author = {Stefanowitsch, Anatol and Gries, Stefan Th.},
	journal = {International Journal of Corpus Linguistics},
	pages = {209--243},
	sortname = {Stefanowitsch, Anatol and Gries, Stefan Th.},
	title = {Collostructions: {I}nvestigating the Interaction of Words and Constructions},
	volume = {2},
	year = {2003}
}

@article{steels99spatially,
	Number = {4},
	author = {Steels, Luc and McIntyre, Angus},
	journal = {Advances in Complex Systems},
	pages = {301--323},
	title = {Spatially Distributed Naming Games},
	volume = {1},
	year = {1999}
}

@article{steels97origins-ontologies,
	Number = {1},
	author = {Steels, Luc},
	journal = {Journal of Agents and Multi-Agent Systems},
	pages = {169--194},
	title = {The Origins of Ontologies and Communication Conventions in Multi-Agent Systems},
	volume = {1},
	year = {1997}
}

@article{steels96selforganizing,
	Number = {3},
	author = {Steels, Luc},
	journal = {Artificial Life},
	pages = {319--332},
	title = {A Self-Organizing Spatial Vocabulary},
	volume = {2},
	year = {1996}
}

@article{steels05emergence,
	Number = {3/4},
	author = {Steels, Luc},
	journal = {Connection Science},
	pages = {213--230},
	title = {The Emergence and Evolution of Linguistic Structure: {F}rom Lexical to Grammatical Communication Systems},
	volume = {17},
	year = {2005}
}

@article{steels05coordinating,
	author = {Steels, Luc and Belpaeme, Tony},
	journal = {Behavioral and Brain Sciences},
	pages = {469--529},
	title = {Coordinating Perceptually Grounded Categories Through Language: {A} Case Study For Colour},
	volume = {28},
	year = {2005}
}

@article{steels03shared,
	Number = {2-3},
	author = {Steels, Luc and Baillie, Jean-Christophe},
	journal = {Robotics and Autonomous Systems},
	pages = {163--173},
	title = {Shared Grounding of Event Descriptions by Autonomous Robots},
	volume = {43},
	year = {2003}
}

@article{steels03language,
	Number = {4-5},
	author = {Steels, Luc},
	journal = {Journal of Consciousness Studies},
	pages = {173--185},
	title = {Language Re-Entrance and the `Inner Voice'},
	volume = {10},
	year = {2003}
}

@article{steels03intelligence,
	Number = {1811},
	author = {Steels, Luc},
	journal = {Philosophical Transactions of the Royal Society A},
	month = {10},
	pages = {2381--2395},
	title = {Intelligence With Representation},
	volume = {361},
	year = {2003}
}

@article{steels01language,
	author = {Steels, Luc},
	issue = {5},
	journal = {IEEE Intelligent Systems},
	month = {10},
	pages = {16--22},
	title = {Language Games for Autonomous Robots},
	volume = {16},
	year = {2001}
}

@article{steels00puzzle,
	Number = {4},
	author = {Steels, Luc},
	journal = {Kognitionswissenschaft},
	pages = {153--150},
	title = {The Puzzle of Language Evolution},
	volume = {8},
	year = {2000}
}

@article{smith03iterated,
	Number = {4},
	author = {Smith, Kenny and Kirby, Simon and Brighton, Henry},
	journal = {Artificial Life},
	pages = {371--386},
	title = {Iterated Learning: {A} Framework for the Emergence of Language},
	volume = {9},
	year = {2003}
}

@article{smith03intelligent,
	Number = {2},
	author = {Smith, Andrew D. M.},
	journal = {Artificial Life},
	pages = {175--190},
	sortname = {Smith, Andrew D. M.},
	title = {Intelligent Meaning Creation in a Clumpy World Helps Communication},
	volume = {9},
	year = {2003}
}

@article{oudeyer05self-organization,
	Number = {3},
	author = {Oudeyer, Pierre-Yves},
	journal = {Journal of Theoretical Biology},
	pages = {435--449},
	title = {The Self-Organization of Speech Sounds},
	volume = {233},
	year = {2005}
}

@article{nowak99evolution,
	Number = {14},
	author = {Nowak, Martin A. and Krakauer, David C.},
	journal = {Proceedings of the National Academy of Sciences of the United Stated of America},
	month = {7},
	pages = {8028--8033},
	sortname = {Nowak, Martin A. and Krakauer, David C.},
	title = {The Evolution of Language},
	volume = {96},
	year = {1999}
}

@article{nowak01evolution,
	author = {Nowak, Martin A. and Komarova, Natalia L. and Niyogi, Partha},
	journal = {Science},
	pages = {114--118},
	sortname = {Nowak, Martin A. and Komarova, Natalia L. and Niyogi, Partha},
	title = {Evolution of {{U}}niversal {G}rammar},
	volume = {291},
	year = {2001}
}

@article{mithun05beyond,
	Number = {4},
	author = {Mithun, Marianne},
	journal = {International Journal of Linguistics},
	month = {10},
	pages = {445--472},
	title = {Beyond the Core: {T}ypological Variation in the Identification of Participants},
	volume = {71},
	year = {2005}
}

@article{maynard-smith93origin,
	author = {Maynard Smith, J. and Szathm{\'a}ry, Eors},
	journal = {Journal of Theoretical Biology},
	pages = {437--446},
	sortname = {Maynard Smith, J. and Szathm{a}ry, Eors},
	title = {The Origin of Chromosomes I. {S}election for Linkage.},
	volume = {163},
	year = {1993}
}

@article{kirby04from,
	Number = {3},
	author = {Kirby, Simon and Smith, Kenny and Brighton, Henry},
	journal = {Studies in Language},
	pages = {587--607},
	title = {From {UG} to Universals: {L}inguistic Adaptation through Iterated Learning},
	volume = {28},
	year = {2004}
}

@article{kirby01spontaneous,
	Number = {2},
	author = {Kirby, Simon},
	journal = {IEEE Transactions on Evolutionary Computation},
	pages = {102--110},
	title = {Spontaneous Evolution of Linguistic Structure: {A}n Iterated Learning Model of the Emergence of Regularity and Irregularity},
	volume = {5},
	year = {2001}
}

@article{keenan77noun,
	Number = {1},
	author = {Keenan, Edward and Comrie, Bernard},
	journal = {Linguistic Inquiry},
	pages = {63--99},
	sortname = {Keenan, Edward and Comrie, Bernard},
	title = {Noun Phrase Accessibility and Universal Grammar},
	volume = {8},
	year = {1977}
}

@article{kay99grammatical,
	author = {Kay, Paul and Fillmore, Charles J.},
	journal = {Language},
	pages = {1--33},
	sortname = {Kay, Paul and Fillmore, Charles J.},
	title = {Grammatical Constructions and Linguistic Generalizations: {T}he What's X Doing Y? {C}onstruction},
	volume = {75},
	year = {1999}
}

@article{haspelmath98does,
	Number = {3},
	author = {Haspelmath, Martin},
	journal = {Studies in Language},
	pages = {315--350},
	title = {Does Grammaticalization Need Reanalysis?},
	volume = {20},
	year = {1998}
}

@article{galantucci05experimental,
	Number = {5},
	author = {Galantucci, Bruno},
	journal = {Cognitive Science},
	pages = {737--767},
	title = {An Experimental Study of the Emergence of Human Communication Systems},
	volume = {29},
	year = {2005}
}

@article{fanego04reanalysis,
	Number = {21},
	author = {Fanego, Teresa},
	journal = {Diachronica},
	pages = {5--55},
	title = {On Reanalysis and Actualization in Syntactic Change: {T}he Rise and Development of {{E}}nglish Verbal Gerunds},
	volume = {21},
	year = {2004}
}

@article{deboer00self,
	Number = {4},
	author = {de Boer, Bart},
	journal = {Journal of Phonetics},
	pages = {441--465},
	title = {Self Organization in Vowel Systems},
	volume = {28},
	year = {2000}
}

@article{davis00linking,
	Number = {1},
	author = {Davis, Anthony and Koenig, Jean-Pierre},
	journal = {Language},
	pages = {59--91},
	title = {Linking as Constraints on Word Classes in a Hierarchical Lexicon},
	volume = {76},
	year = {2000}
}

@article{briscoe00grammatical,
	Number = {2},
	author = {Briscoe, E. J.},
	journal = {Language},
	pages = {245--296},
	sortname = {Briscoe, E. J.},
	title = {Grammatical Acquisition: {I}nductive Bias and Coevolution of Language and the Language Acquisition Device},
	volume = {76},
	year = {2000}
}

@article{baronchelli06sharp,
	author = {Baronchelli, Andrea and Felici, Maddalena and Loreto, Vittorio and Caglioti, Emanuele and Steels, Luc},
	journal = {Journal of Statistical Mechanics},
	title = {Sharp Transition Towards Shared Vocabularies in Multi-Agent Systems},
	volume = {P06014},
	year = {2006}
}

@article {vantrijp10grammaticalization,
	author = {{van Trijp}, Remi},
	journal = {Linguistic Discovery},
	number = {1},
	pages = {310--326},
	title = {Grammaticalization and Semantic Maps: {{E}}vidence from Artificial Language {E}volution},
	volume = {8},
	year = {2010}
}

@techreport{loetzsch:08b,
	ADDRESS = {Brussels},
	AUTHOR = {Loetzsch, Martin and Wellens, Pieter and De Beule, Joachim and Bleys, Joris and {van Trijp}, Remi},
	INSTITUTION = {AI-Lab VUB},
	NUMBER = {AI-Memo 01-08},
	TITLE = {The Babel2 Manual},
	YEAR = {2008}
}